@techreport{w3c_sparql_working_group_sparql_2013,
	title        = {{SPARQL} 1.1 {Overview}},
	author       = {{W3C SPARQL Working Group}},
	year         = 2013,
	url          = {http://www.w3.org/TR/sparql11-overview/},
	type         = {{W3C} {Recommendation}},
	institution  = {World Wide Web Consortium}
}
@techreport{miles_skos_2009,
	title        = {{SKOS} {Simple} {Knowledge} {Organization} {System} {Reference}},
	author       = {Miles, Alistair and Bechhofer, Sean},
	year         = 2009,
	url          = {https://www.w3.org/TR/skos-reference/},
	type         = {{W3C} {Recommendation}},
}
@techreport{knublauch_shapes_2017,
	title        = {Shapes {Constraint} {Language} ({SHACL})},
	author       = {Knublauch, Holger and Kontokostas, Dimitris},
	year         = 2017,
	url          = {https://www.w3.org/TR/shacl/},
	type         = {{W3C} {Recommendation}},
	institution  = {{W3C} RDF Data Shapes Working Group}
}
@techreport{open2012ogc,
	title        = {{OGC GeoSPARQL - A Geographic Query Language for RDF Data}},
	author       = {Perry, Matthew and Herring, John},
	year         = 2012,
	publisher    = {Open Geospatial Consortium},
	institution    = {Open Geospatial Consortium},
	url          = {http://www.opengis.net/doc/IS/geosparql/1.0},
	type         = {{OGC Implementation Standard}}
}
@techreport{abhayaratna2020ogc,
	title        = {OGC GeoSPARQL 2.0 SWG Charter},
	author       = {Abhayaratna, Joseph and van den Brink, Linda and Car, Nicholas and Homburg, Timo and Knibbe, Frans},
	year         = 2020,
	month        = aug,
	publisher    = {Open Geospatial Consortium},
	institution    = {Open Geospatial Consortium},
	url          = {https://portal.ogc.org/files/93345},
	type         = {OGC SWG Charter},
	language     = {english}
}
@article{butler2016geojson,
	title        = {The GeoJSON format},
	author       = {Butler, Howard and Daly, Martin and Doyle, Allan and Gillies, Sean and Hagen, Stefan and Schaub, Tim and others},
	year         = 2016,
	journal      = {Internet Engineering Task Force (IETF)}
}
@article{sahr1998discrete,
	title        = {Discrete {Global} {Grid} {Systems}},
	author       = {Sahr, Kevin and White, Denis},
	year         = 1998,
	journal      = {Computing Science and Statistics},
	publisher    = {Citeseer},
	pages        = {269--278}
}
@techreport{geosparqlwhitepaper,
	title        = {{OGC Benefits of Representing Spatial Data Using Semantic and Graph Technologies}},
	author       = {Abhayaratna, Joseph and van den Brink, Linda and Car, Nicholas and Atkinson, Rob and Homburg, Timo and Knibbe, Frans and ... and Thiery, Florian},
	year         = 2020,
	month        = oct,
	type         = {{OGC White Paper}},
	publisher    = {Open Geospatial Consortium},
	institution  = {Open Geospatial Consortium},
	url          = {http://docs.ogc.org/wp/19-078r1/19-078r1.html},
	language     = {english},
}
@techreport{atkinson_profiles_2020,
	title        = {The {Profiles} {Vocabulary}},
	author       = {Atkinson, Rob and Car, Nicholas J.},
	year         = 2020,
	month        = may,
	url          = {https://www.w3.org/TR/dx-prof/},
	type         = {{W3C} {Working} {Group} {Note}},
	institution  = {World Wide Web Consortium}
}
@techreport{simon_cox_time_2017,
	type 		= {{W3C} {Recommendation}},
	title 		= {Time {Ontology} in {OWL}},
	shorttitle 	= {{OWL}-{TIME}},
	url 		= {https://www.w3.org/TR/owl-time/},
	institution = {World Wide Web Consortium},
	author 		= {Cox, Simon and Little, Chris},
	month 		= oct,
	year 		= {2017}
}
@techreport{haller_semantic_2017,
	type 		= {{W3C} {Recommendation}},
	title 		= {Semantic {Sensor} {Network} {Ontology}},
	url 		= {https://www.w3.org/TR/vocab-ssn/},
	institution = {World Wide Web Consortium},
	author 		= {Haller, Armin and Janowicz, Krzysztof and Cox, Simon and Le Phuoc, Dan and Taylor, Kerry and Lefrançois, Maxime},
	month 		= oct,
	year 		= {2017}
}

@inproceedings{car_location_2019,
	series = {Lecture {Notes} in {Computer} {Science}},
	title = {The {Location} {Index}: {A} {Semantic} {Web} {Spatial} {Data} {Infrastructure}},
	isbn = {978-3-030-21348-0},
	shorttitle = {The {Location} {Index}},
	doi = {10.1007/978-3-030-21348-0\_35},
	language = {en},
	booktitle = {The {Semantic} {Web}},
	publisher = {Springer International Publishing},
	author = {Car, Nicholas J. and Box, Paul J. and Sommer, Ashley},
	editor = {Hitzler, Pascal and Fernández, Miriam and Janowicz, Krzysztof and Zaveri, Amrapali and Gray, Alasdair J.G. and Lopez, Vanessa and Haller, Armin and Hammar, Karl},
	year = {2019},
	keywords = {Australia, Linked Data, Semantic Web, Python, Social architecture, Spatial Data Infrastructure},
	pages = {543--557},
}

@techreport{alexander_describing_2011,
	type = {{W3C} {Interest} {Group} {Note}},
	title = {Describing {Linked} {Datasets} with the {VoID} {Vocabulary}},
	url = {https://www.w3.org/TR/void/},
	author = {Alexander, Keith and Cyganiak, Richard and Hausenblas, Michael and Zhao, Jun},
	month = mar,
	year = {2011},
	institution = {World Wide Web Consortium},
}
@techreport{purss_topic_2017,
	type = {Abstract {Specification}},
	title = {Topic 21: {Discrete} {Global} {Grid} {Systems} {Abstract} {Specification}},
	url = {http://www.opengis.net/doc/AS/dggs/1.0},
	number = {15-104r5},
	institution = {Open Geospatial Consortium},
	author = {Purss, Matthew},
	month = aug,
	year = {2017},
	file = {Purss - 2017 - Topic 21 Discrete Global Grid Systems Abstract Sp.pdf:/Users/nick/Zotero/storage/XAGC32JK/Purss - 2017 - Topic 21 Discrete Global Grid Systems Abstract Sp.pdf:application/pdf}
}
@techreport{gibb_ogc_2021,
	type = {Engineering {Report}},
	title = {{OGC} {Testbed}-16: {DGGS} and {DGGS} {API} {Engineering} {Report}},
	url = {https://docs.ogc.org/per/20-039r2.html},
	number = {OGC 20-039r2},
	institution = {Open Geospatial Consortium},
	author = {Gibb, Robert and Cochrane, Byron and Purss, Matthew},
	month = jan,
	year = {2021}
}
@techreport{clemens_portele_ogc_2019,
	type = {{OGC} {Implementation} {Standard}},
	title = {{OGC} {API} - {Features} - {Part} 1: {Core}},
	url = {http://www.opengis.net/doc/IS/ogcapi-features-1/1.0},
	number = {17-069r3},
	institution = {Open Geospatial Consortium},
	author = {{Clemens Portele} and {Panagiotis (Peter) A. Vretanos} and {Charles Heazel}},
	month = oct,
	year = {2019},
	file = {Clemens Portele et al. - 2019 - OGC API - Features - Part 1 Core.pdf:/Users/nick/Zotero/storage/FUWFFHXU/Clemens Portele et al. - 2019 - OGC API - Features - Part 1 Core.pdf:application/pdf}
}
